
@misc{Authors14,
 author = {Authors},
 title = {The frobnicatable foo filter},
 note = {Face and Gesture  submission ID 324. Supplied as additional material {\tt fg324.pdf}},
 year = 2014
}

@misc{Authors14b,
 author = {Authors},
 title = {Frobnication tutorial},
 note = {Supplied as additional material {\tt tr.pdf}},
 year = 2014
}

@article{Alpher02,
author = {A. Alpher},
title = {Frobnication},
journal = {Journal of Foo},
volume = 12, 
number = 1, 
pages = {234--778}, 
year = 2002
}

@article{Alpher03,
author = {A. Alpher and  J.~P.~N. Fotheringham-Smythe},
title = {Frobnication revisited},
journal = {Journal of Foo},
volume = 13, 
number = 1, 
pages = {234--778}, 
year = 2003
}

@article{Alpher04,
author = {A. Alpher and J.~P.~N. Fotheringham-Smythe and G. Gamow},
title = {Can a machine frobnicate?},
journal = {Journal of Foo},
volume = 14, 
number = 1, 
pages = {234--778}, 
year = 2004
}


@misc{goodfellow2014generative,
      title={Generative Adversarial Networks}, 
      author={Ian J. Goodfellow and Jean Pouget-Abadie and Mehdi Mirza and Bing Xu and David Warde-Farley and Sherjil Ozair and Aaron Courville and Yoshua Bengio},
      year={2014},
      eprint={1406.2661},
      archivePrefix={arXiv},
      primaryClass={stat.ML}
}

@misc{nowozin2016fgan,
      title={f-GAN: Training Generative Neural Samplers using Variational Divergence Minimization}, 
      author={Sebastian Nowozin and Botond Cseke and Ryota Tomioka},
      year={2016},
      eprint={1606.00709},
      archivePrefix={arXiv},
      primaryClass={stat.ML}
}

@misc{arjovsky2017wasserstein,
      title={Wasserstein GAN}, 
      author={Martin Arjovsky and Soumith Chintala and Léon Bottou},
      year={2017},
      eprint={1701.07875},
      archivePrefix={arXiv},
      primaryClass={stat.ML}
}

@misc{bengio2013generalized,
      title={Generalized Denoising Auto-Encoders as Generative Models}, 
      author={Yoshua Bengio and Li Yao and Guillaume Alain and Pascal Vincent},
      year={2013},
      eprint={1305.6663},
      archivePrefix={arXiv},
      primaryClass={cs.LG}
}

@misc{bengio2014deep,
      title={Deep Generative Stochastic Networks Trainable by Backprop}, 
      author={Yoshua Bengio and Éric Thibodeau-Laufer and Guillaume Alain and Jason Yosinski},
      year={2014},
      eprint={1306.1091},
      archivePrefix={arXiv},
      primaryClass={cs.LG}
}

@ARTICLE{726791,
  author={Lecun, Y. and Bottou, L. and Bengio, Y. and Haffner, P.},
  journal={Proceedings of the IEEE}, 
  title={Gradient-based learning applied to document recognition}, 
  year={1998},
  volume={86},
  number={11},
  pages={2278-2324},
  keywords={Neural networks;Pattern recognition;Machine learning;Optical character recognition software;Character recognition;Feature extraction;Multi-layer neural network;Optical computing;Hidden Markov models;Principal component analysis},
  doi={10.1109/5.726791}}

@misc{mnist,
  author = {LeCun, Yann and Cortez, Corinna and Burges, Christopher C.J.},
  title = {{The MNIST Handwritten Digit Database}},
  howpublished = "\url{http://yann.lecun.com/exdb/mnist/}",
  year = {revised 2020}
}

@article{Nguyen_2010,
   title={Estimating Divergence Functionals and the Likelihood Ratio by Convex Risk Minimization},
   volume={56},
   ISSN={1557-9654},
   url={http://dx.doi.org/10.1109/TIT.2010.2068870},
   DOI={10.1109/tit.2010.2068870},
   number={11},
   journal={IEEE Transactions on Information Theory},
   publisher={Institute of Electrical and Electronics Engineers (IEEE)},
   author={Nguyen, XuanLong and Wainwright, Martin J. and Jordan, Michael I.},
   year={2010},
   month=nov, pages={5847–5861} }